@ARTICLE{Haber91howto,
    author = {Stuart Haber and W. Scott Stornetta},
    title = {How to Time-stamp a Digital Document},
    journal = {Journal of Cryptology},
    year = {1991},
    volume = {3},
    pages = {99--111}
}

@misc{OTSWeb,
	title = {OpenTimestamps website},
	howpublished = {\url{https://opentimestamps.org/}}
}

@misc{DGI,
	title = {Digital Gold Institute website},
	howpublished = {\url{https://www.dgi.io/}}
}

@misc{Blockstream,
	title = {Blockstream official website},
	howpublished = {\url{https://blockstream.com/}}
}

@misc{OpenTimestampsGithub,
	title = {OpenTimestamps source code},
	publisher = {GitHub},
	journal = {GitHub repository},
	howpublished = {\url{https://github.com/opentimestamps}}
}

@misc{LibraryRepositoryGitHub,
	title = {JavaScript library source code},
	publisher = {GitHub},
	journal = {GitHub repository},
	howpublished = {\url{https://github.com/federicoon/javascript-opentimestamps}}
}

@inproceedings{Song:2008:BBC:1785854.1785862,
 author = {Song, Yee Jiun and van Renesse, Robbert and Schneider, Fred B. and Dolev, Danny},
 title = {The Building Blocks of Consensus},
 booktitle = {Proceedings of the 9th International Conference on Distributed Computing and Networking},
 series = {ICDCN'08},
 year = {2008},
 isbn = {3-540-77443-2, 978-3-540-77443-3},
 location = {Kolkata, India},
 pages = {54--72},
 numpages = {19},
 url = {http://dl.acm.org/citation.cfm?id=1785854.1785862},
 acmid = {1785862},
 publisher = {Springer-Verlag},
 address = {Berlin, Heidelberg},
}

@misc{Saravanan,
	title = {The security of the Bitcoin Protocol},
	author = {Saravanan Vijayakumaran},
	howpublished = {\url{https://www.zebpay.com/pdf/Bitcoin-Security-White-Paper.pdf}},
	year = {2018}
}

@misc{LearningBitcoinFromTheCommandLine,
	title = {Learning-Bitcoin-from-the-Command-Line source code},
	author = {Christopher Allen},
	publisher = {GitHub},
	journal = {GitHub repository},
	howpublished = {\url{https://github.com/ChristopherA/Learning-Bitcoin-from-the-Command-Line}}
}

@misc{OTSannouncment,
	title = {OpenTimestamps: Scalable, Trust-Minimized, Distributed Timestamping with Bitcoin},
	author = {Peter Todd},
	howpublished = {\url{https://petertodd.org/2016/opentimestamps-announcement}},
	year = {2016}
}

@misc{nakamoto2012bitcoin,
  added-at = {2014-04-17T08:33:06.000+0200},
  author = {Nakamoto, Satoshi},
  biburl = {https://www.bibsonomy.org/bibtex/23db66df0fc9fa2b5033f096a901f1c36/ngnn},
  interhash = {423c2cdff70ba0cd0bca55ebb164d770},
  intrahash = {3db66df0fc9fa2b5033f096a901f1c36},
  keywords = {imported},
  timestamp = {2014-04-17T08:33:06.000+0200},
  title = {Bitcoin: A peer-to-peer electronic cash system},
  url = {http://www.bitcoin.org/bitcoin.pdf},
  year = 2009
}

@TECHREPORT{Back02hashcash-,
    author = {Adam Back},
    title = {Hashcash - A Denial of Service Counter-Measure},
    institution = {},
    year = {2002}
}

@misc{BitcoinDev,
	title = {Bitcoin developer guide},
	howpublished = {\url{https://bitcoin.org/en/developer-reference}},
}

@book{Wattenhofer:2016:SB:3002702,
	author = {Wattenhofer, Roger},
	title = {The Science of the Blockchain},
	year = {2016},
	isbn = {1522751831, 9781522751830},
	edition = {1st},
	publisher = {CreateSpace Independent Publishing Platform},
	address = {USA},
	page = {34-42}
}

@book{Narayanan:2016:BCT:2994437,
 author = {Narayanan, Arvind and Bonneau, Joseph and Felten, Edward and Miller, Andrew and Goldfeder, Steven},
 title = {Bitcoin and Cryptocurrency Technologies: A Comprehensive Introduction},
 year = {2016},
 isbn = {0691171696, 9780691171692},
 publisher = {Princeton University Press},
 address = {Princeton, NJ, USA},
}

@book{Paar:2009:UCT:1721909,
 author = {Paar, Christof and Pelzl, Jan},
 title = {Understanding Cryptography: A Textbook for Students and Practitioners},
 year = {2009},
 isbn = {3642041000, 9783642041006},
 edition = {1st},
 publisher = {Springer Publishing Company, Incorporated},
}

@inproceedings{Ben-Or:1983:AFC:800221.806707,
 author = {Ben-Or, Michael},
 title = {Another Advantage of Free Choice (Extended Abstract): Completely Asynchronous Agreement Protocols},
 booktitle = {Proceedings of the Second Annual ACM Symposium on Principles of Distributed Computing},
 series = {PODC '83},
 year = {1983},
 isbn = {0-89791-110-5},
 location = {Montreal, Quebec, Canada},
 pages = {27--30},
 numpages = {4},
 url = {http://doi.acm.org/10.1145/800221.806707},
 doi = {10.1145/800221.806707},
 acmid = {806707},
 publisher = {ACM},
 address = {New York, NY, USA},
}

@article{Fischer:1985:IDC:3149.214121,
 author = {Fischer, Michael J. and Lynch, Nancy A. and Paterson, Michael S.},
 title = {Impossibility of Distributed Consensus with One Faulty Process},
 journal = {J. ACM},
 issue_date = {April 1985},
 volume = {32},
 number = {2},
 month = apr,
 year = {1985},
 issn = {0004-5411},
 pages = {374--382},
 numpages = {9},
 url = {http://doi.acm.org/10.1145/3149.214121},
 doi = {10.1145/3149.214121},
 acmid = {214121},
 publisher = {ACM},
 address = {New York, NY, USA},
}

@article{Lamport:1982:BGP:357172.357176,
 author = {Lamport, Leslie and Shostak, Robert and Pease, Marshall},
 title = {The Byzantine Generals Problem},
 journal = {ACM Trans. Program. Lang. Syst.},
 issue_date = {July 1982},
 volume = {4},
 number = {3},
 month = jul,
 year = {1982},
 issn = {0164-0925},
 pages = {382--401},
 numpages = {20},
 url = {http://doi.acm.org/10.1145/357172.357176},
 doi = {10.1145/357172.357176},
 acmid = {357176},
 publisher = {ACM},
 address = {New York, NY, USA},
}

@book{Antonopoulos:2017:MBP:3164842,
 author = {Antonopoulos, Andreas M.},
 title = {Mastering Bitcoin: Programming the Open Blockchain},
 year = {2017},
 isbn = {1491954388, 9781491954386},
 edition = {2nd},
 publisher = {O'Reilly Media, Inc.},
}

@MastersThesis{Comandini:Thesis:2018,
    author = {Comandini, Leonardo},
    title = {sign-to-contract: how to achieve trustless digital timestamping with zero marginal cost},
    school = {Politecnico di Milano},
    year = {2018},
    url = {https://www.politesi.polimi.it/bitstream/10589/140124/1/2018_04_Comandini.pdf},
    }